<?xml version="1.0" encoding="UTF-8"?><record xmlns="http://www.loc.gov/MARC21/slim" xmlns:cinclude="http://apache.org/cocoon/include/1.0" xmlns:zs="http://www.loc.gov/zing/srw/">
  <leader>00366nz  a2200133n  4500</leader>
  <controlfield tag="001">no2012049951</controlfield>
  <controlfield tag="003">DLC</controlfield>
  <controlfield tag="005">20120411075316.0</controlfield>
  <controlfield tag="008">120409n| acannaabn          |n aaa     c</controlfield>
  <datafield tag="010" ind1=" " ind2=" ">
    <subfield code="a">no2012049951</subfield>
  </datafield>
  <datafield tag="035" ind1=" " ind2=" ">
    <subfield code="a">(OCoLC)oca09166048</subfield>
  </datafield>
  <datafield tag="040" ind1=" " ind2=" ">
    <subfield code="a">NN</subfield>
    <subfield code="b">eng</subfield>
    <subfield code="c">NN</subfield>
  </datafield>
  <datafield tag="100" ind1="1" ind2=" ">
    <subfield code="a">Frollano, Stefano,</subfield>
    <subfield code="d">1962-</subfield>
  </datafield>
  <datafield tag="670" ind1=" " ind2=" ">
    <subfield code="a">Neil Young, 2006:</subfield>
    <subfield code="b">t.p. (Stefano Frollano) p. 4 of cover (b. 1962)</subfield>
  </datafield>
</record>